<record><leader>00000cas a2200000 a 4500</leader><controlfield tag="001">54495105</controlfield><controlfield tag="008">040227d19uu1990cauwr ne      0    0eng c</controlfield><datafield ind1=" " ind2=" " tag="010"><subfield code="a">sn2004061003</subfield></datafield><datafield ind1=" " ind2=" " tag="040"><subfield code="a">CNK</subfield><subfield code="b">eng</subfield><subfield code="c">CNK</subfield><subfield code="d">CNK</subfield><subfield code="d">OCLCQ</subfield><subfield code="d">OCLCF</subfield><subfield code="d">OCLCO</subfield></datafield><datafield ind1="1" ind2=" " tag="029"><subfield code="a">AU@</subfield><subfield code="b">000025343191</subfield></datafield><datafield ind1=" " ind2=" " tag="042"><subfield code="a">pcc</subfield></datafield><datafield ind1=" " ind2=" " tag="043"><subfield code="a">n-us-ca</subfield></datafield><datafield ind1="0" ind2="4" tag="245"><subfield code="a">The Lake Elsinore Wildomar news.</subfield></datafield><datafield ind1=" " ind2=" " tag="260"><subfield code="a">Lake Elsinore, CA :</subfield><subfield code="b">Steve W. Critchfield</subfield></datafield><datafield ind1=" " ind2=" " tag="300"><subfield code="a">v.</subfield></datafield><datafield ind1=" " ind2=" " tag="310"><subfield code="a">Weekly</subfield></datafield><datafield ind1="0" ind2=" " tag="362"><subfield code="a">-v. 20, no. 48 (Sept. 12, 1990).</subfield></datafield><datafield ind1=" " ind2=" " tag="500"><subfield code="a">"Serving Lake Elsinore, Canyon Lake, Wildomar, The Farm, Sun City, Menifee Valley &amp; Perris."</subfield></datafield><datafield ind1=" " ind2=" " tag="530"><subfield code="a">Master negatives are available for duplication from:</subfield><subfield code="b">California Newspaper Microfilm Archive;</subfield><subfield code="c">positive copies may be purchased by the reel; for further information consult the CNMA at:</subfield><subfield code="u">http://cbsr.ucr.edu</subfield></datafield><datafield ind1=" " ind2=" " tag="580"><subfield code="a">Published in several local editions.</subfield></datafield><datafield ind1=" " ind2=" " tag="588"><subfield code="a">Description based on: Vol. 19, no. 47 (Aug. 2-8, 1989).</subfield></datafield><datafield ind1=" " ind2="0" tag="651"><subfield code="a">Lake Elsinore (Calif.)</subfield><subfield code="v">Newspapers.</subfield></datafield><datafield ind1=" " ind2="0" tag="651"><subfield code="a">Wildomar (Calif.)</subfield><subfield code="v">Newspapers.</subfield></datafield><datafield ind1=" " ind2="7" tag="655"><subfield code="a">Newspapers.</subfield><subfield code="2">fast</subfield><subfield code="0">(OCoLC)fst01423814</subfield></datafield><datafield ind1=" " ind2="7" tag="651"><subfield code="a">California</subfield><subfield code="z">Lake Elsinore.</subfield><subfield code="2">fast</subfield><subfield code="0">(OCoLC)fst01275210</subfield></datafield><datafield ind1=" " ind2="7" tag="651"><subfield code="a">California</subfield><subfield code="z">Wildomar.</subfield><subfield code="2">fast</subfield><subfield code="0">(OCoLC)fst01293733</subfield></datafield><datafield ind1=" " ind2=" " tag="752"><subfield code="a">United States</subfield><subfield code="b">California</subfield><subfield code="c">Riverside</subfield><subfield code="d">Lake Elsinore.</subfield></datafield><datafield ind1="0" ind2=" " tag="775"><subfield code="t">News (Lake Elsinore, Calif. : Canyon Lake Menifee Valley ed.)</subfield><subfield code="w">(DLC)sn2004061002</subfield></datafield><datafield ind1="0" ind2="6" tag="785"><subfield code="t">Lake Elsinore news</subfield><subfield code="w">(DLC)sn2006060104</subfield></datafield><datafield ind1="0" ind2="6" tag="785"><subfield code="t">Wildomar news</subfield><subfield code="w">(DLC)sn2011271199</subfield></datafield></record>